<?xml version="1.0" encoding="UTF-8"?><record xmlns="http://www.loc.gov/MARC21/slim" xmlns:cinclude="http://apache.org/cocoon/include/1.0" xmlns:zs="http://www.loc.gov/zing/srw/">
  <leader>00520nz  a2200121n  4500</leader>
  <controlfield tag="001">n  89265924 </controlfield>
  <controlfield tag="003">DLC</controlfield>
  <controlfield tag="005">19960723055234.8</controlfield>
  <controlfield tag="008">960607n| acannaab|          |n ana      </controlfield>
  <datafield tag="010" ind1=" " ind2=" ">
    <subfield code="a">n  89265924 </subfield>
  </datafield>
  <datafield tag="040" ind1=" " ind2=" ">
    <subfield code="a">DLC</subfield>
    <subfield code="c">DLC</subfield>
  </datafield>
  <datafield tag="110" ind1="2" ind2="0">
    <subfield code="a">Hiranyavarna Mahavihara Vihara Sudhar Samiti (Lalitpur, Nepal)</subfield>
  </datafield>
  <datafield tag="670" ind1=" " ind2=" ">
    <subfield code="a">Kwabaha, 1996:</subfield>
    <subfield code="b">t.p. (Hiranyavarna Mahavihara Vihara Sudhar Samiti, Lalitpur) frwd. (set up a committee called Hiranyavarna Mahavihara Vihara Sudhar Samiti under the chairmanship of late Sri Harsha Bahadur Shakya in 1955)</subfield>
  </datafield>
</record>